@book{1,
  author    = {К. Индрасири and Д. Куруппу},
  title     = {{gRPC: запуск и эксплуатация облачных приложений}},
  publisher = {Питер / O’Reilly},
  year      = {2021},
  address   = {СПб.},
  pages     = {16}
}

@book{2,
  author    = {А. Беллемар},
  title     = {{Создание событийно-управляемых микросервисов: масштабирование организационных данных}},
  publisher = {Питер / O’Reilly},
  year      = {2022},
  address   = {СПб.},
  pages     = {336}
}

@book{3,
  author    = {Дж. Россо and Р. Ландер and А. Бранд and Дж. Харрис},
  title     = {{Kubernetes на практике}},
  publisher = {Питер / O’Reilly},
  year      = {2022},
  address   = {СПб.},
  pages     = {544}
}

@book{4,
  author    = {Дж. Стронг and В. Лэнси},
  title     = {{Kubernetes в сети}},
  publisher = {Питер / O’Reilly},
  year      = {2022},
  address   = {СПб.},
  pages     = {384}
}

@book{5,
  author    = {Р. Митра and И. Надараишвили},
  title     = {{Микросервисы: от архитектуры до релиза. Пошаговое руководство}},
  publisher = {Питер / O’Reilly},
  year      = {2021},
  address   = {СПб.},
  pages     = {432}
}

@book{6,
  author    = {С. Ньюман},
  title     = {{Создание микросервисов}},
  edition   = {2-е изд.},
  publisher = {Питер / O’Reilly},
  year      = {2020},
  address   = {СПб.},
  pages     = {448}
}

@misc{7,
  title        = {{JWT.io --- JSON Web Tokens}},
  howpublished = {[Электронный ресурс]},
  year         = {2025},
  url          = {https://jwt.io},
  note         = {Дата обращения: 17 мая 2025}
}

@misc{8,
  author       = {{Российский союз туриндустрии}},
  title        = {{Внутренний турпоток в России в 2024 году достиг исторического максимума}},
  howpublished = {[Электронный ресурс]},
  year         = {2024},
  url          = {https://russiatourism.ru/news/15770},
  note         = {Дата обращения: 17 мая 2025}
}

@misc{9,
  author       = {{Федеральная служба государственной статистики (Росстат)}},
  title        = {{Туризм в Российской Федерации: основные показатели 2023 года}},
  howpublished = {[Электронный ресурс]},
  year         = {2023},
  url          = {https://rosstat.gov.ru},
  note         = {Дата обращения: 17 мая 2025}
}

@misc{10,
  title        = {{Внутренний туризм в России вырос на 10 \% // Ведомости}},
  howpublished = {[Электронный ресурс]},
  year         = {2024},
  url          = {https://www.vedomosti.ru/tourism},
  note         = {Опубликовано: 23.12.2024. Дата обращения: 17 мая 2025}
}

@misc{11,
  author       = {{АТОР}},
  title        = {{Средние траты семей с детьми на летний отдых составляют 282 тыс. руб.}},
  howpublished = {[Электронный ресурс]},
  year         = {2025},
  url          = {https://atorus.ru/article/},
  note         = {Дата обращения: 17 мая 2025}
}

@misc{12,
  author       = {{Яндекс.Путешествия}},
  title        = {{Аналитика ранних бронирований гостиниц: отчёт 2025}},
  howpublished = {[Электронный ресурс]},
  year         = {2025},
  url          = {https://travel.yandex.ru/analytics},
  note         = {Дата обращения: 17 мая 2025}
}

@misc{13,
  author       = {{Outbrain}},
  title        = {{Native Advertising in Travel Industry Report 2024}},
  howpublished = {[Электронный ресурс]},
  year         = {2024},
  url          = {https://www.outbrain.com/native-travel-2024},
  note         = {Дата обращения: 17 мая 2025}
}

@book{MartinCleanArchitectureBook,
  title={Clean Architecture: A Craftsman's Guide to Software Structure and Design},
  author={Robert C. Martin},
  year={2017},
  publisher={Prentice Hall}
}



@misc{CleanArchitectureHabr,
  title={Чистая архитектура},
  author={Роберт С. Мартин},
  year={2012},
  url={https://habr.com/ru/post/158955/},
  note={Дата обращения: 6 апреля 2025}
}

@misc{YxScopeHabr,
  title={Встречаем yx\_scope: DI-фреймворк для работы со скоупами в открытом доступе},
  author={Сергей Кольцов},
  year={2025},
  url={https://habr.com/ru/companies/yandex/articles/852278/},
  note={Дата обращения: 9 апреля 2025}
}

@misc{GRPCIntro,
  title={What is gRPC? An introduction to gRPC},
  author={gRPC Authors},
  year={2025},
  url={https://grpc.io/docs/what-is-grpc/introduction/},
  note={Дата обращения: 19 апреля 2025}
}

@misc{GRPCDartBasics,
  title={gRPC Basics: Dart},
  author={gRPC Authors},
  url={https://grpc.io/docs/languages/dart/basics/},
  note={Дата обращения: 19 апреля 2025}
}

@misc{ChernyshevDartBasics,
  title={Основы Dart},
  author={Станислав Чернышев},
  url={https://drive.google.com/file/d/1xNJbmkHmazcPiDG3hanw2xPURyM_HUBE/view},
  note={Дата обращения: 21 апреля 2025}
}

@misc{FlutterConceptsArch,
  title={Architectural concepts},
  author={Flutter Team},
  year={2025},
  url={https://docs.flutter.dev/app-architecture/concepts},
  note={Дата обращения: 19 апреля 2025}
}

@misc{FlutterArchRecommendations,
  title={Architecture recommendations},
  author={Flutter Team},
  year={2025},
  url={https://docs.flutter.dev/app-architecture/recommendations},
  note={Дата обращения: 20 апреля 2025}
}

@misc{FlutterArchGeneralApproach,
  title={General approach to app architecture (case study overview)},
  author={Flutter Team},
  year={2025},
  url={https://docs.flutter.dev/app-architecture/case-study},
  note={Дата обращения: 15 апреля 2025}
}

@misc{FlutterArchUILayer,
  title={UI layer (app architecture case study)},
  author={Flutter Team},
  year={2025},
  url={https://docs.flutter.dev/app-architecture/case-study/ui-layer},
  note={Дата обращения: 17 апреля 2025}
}

@misc{FlutterArchDataLayer,
  title={Data layer (app architecture case study)},
  author={Flutter Team},
  year={2025},
  url={https://docs.flutter.dev/app-architecture/case-study/data-layer},
  note={Дата обращения: 3 апреля 2025}
}

@misc{FlutterArchDI,
  title={Dependency injection (app architecture case study)},
  author={Flutter Team},
  year={2025},
  url={https://docs.flutter.dev/app-architecture/case-study/dependency-injection},
  note={Дата обращения: 1 марта 2025}
}

@misc{FlutterArchDesignPatterns,
  title={Design patterns},
  author={Flutter Team},
  year={2025},
  url={https://docs.flutter.dev/app-architecture/design-patterns},
  note={Дата обращения: 3 марта 2025}
}

@misc{FlutterUIBasics,
  title={Flutter UI basics},
  author={Flutter Team},
  year={2025},
  url={https://docs.flutter.dev/ui},
  note={Дата обращения: 4 марта 2025}
}

@misc{FlutterWidgetCatalog,
  title={Widget catalog},
  author={Flutter Team},
  year={2025},
  url={https://docs.flutter.dev/ui/widgets},
  note={Дата обращения: 5 апреля 2025}
}

@misc{FlutterStateMgmtIntro,
  title={Introduction to state management},
  author={Flutter Team},
  year={2025},
  url={https://docs.flutter.dev/data-and-backend/state-mgmt/intro},
  note={Дата обращения: 6 апреля 2025}
}

@misc{FlutterStateEphemeralVsApp,
  title={Ephemeral versus app state},
  author={Flutter Team},
  year={2025},
  url={https://docs.flutter.dev/data-and-backend/state-mgmt/ephemeral-vs-app},
  note={Дата обращения: 19 апреля 2025}
}

@misc{YandexFlutterOOPDart,
  title={ООП в Dart (Объектно-ориентированное программирование)},
  author={Команда Яндекс.Образования},
  url={https://education.yandex.ru/handbook/flutter/article/dart-oop},
  note={Дата обращения: 8 февраля 2025}
}

@misc{YandexFlutterProjectStructure,
  title={Структура Flutter-проекта},
  author={Команда Яндекс.Образования},
  url={https://education.yandex.ru/handbook/flutter/article/flutter-struktura-proekta},
  note={Дата обращения: 13 января 2025}
}

@misc{YandexFlutterDependencies,
  title={Зависимости Flutter-проекта},
  author={Команда Яндекс.Образования},
  url={https://education.yandex.ru/handbook/flutter/article/flutter-zavisimosti-proekta},
  note={Дата обращения: 23 марта 2025}
}

@misc{YandexFlutterWidgetTypes,
  title={Какие бывают виджеты: StatelessWidget, StatefulWidget, InheritedWidget},
  author={Команда Яндекс.Образования},
  url={https://education.yandex.ru/handbook/flutter/article/widgets-basics-stless-stful-inherited},
  note={Дата обращения: 27 апреля 2025}
}

@misc{YandexFlutterI18n,
  title={Интернационализация Flutter-приложения},
  author={Команда Яндекс.Образования},
  url={https://education.yandex.ru/handbook/flutter/article/project-internacionalizaciya},
  note={Дата обращения: 15 апреля 2025}
}